<?xml version="1.0" encoding="UTF-8"?><collection xmlns="http://www.loc.gov/MARC21/slim"><record><leader>00358nam--2200133-i-4500</leader><controlfield tag="001">000033234</controlfield><controlfield tag="002">20161230</controlfield><controlfield tag="005">20161230201039</controlfield><controlfield tag="008">060222s1000------------r-----000-0-eng-d</controlfield><datafield ind1=" " ind2=" " tag="080"><subfield code="a">621.372(075.8)</subfield></datafield><datafield ind1=" " ind2=" " tag="100"><subfield code="a">Lippin, Gerard</subfield></datafield><datafield ind1=" " ind2=" " tag="245"><subfield code="a">Circuit problems and solutions. network theorems</subfield></datafield><datafield ind1=" " ind2=" " tag="260"><subfield code="a">New York, Hayden Book Comp.Inc., 1971. 126p</subfield></datafield><datafield ind1=" " ind2=" " tag="852"><subfield code="a">39823</subfield></datafield></record></collection>